
% original paper
% citation found in acm
% https://dl.acm.org/doi/10.1145/956750.956826
@inproceedings{
    mdr,
    author = {Liu, Bing and Grossman, Robert and Zhai, Yanhong},
    title = {Mining Data Records in Web Pages},
    year = {2003},
    isbn = {1581137370},
    publisher = {Association for Computing Machinery},
    address = {New York, NY, USA},
    url = {https://doi.org/10.1145/956750.956826},
    doi = {10.1145/956750.956826},
    booktitle = {Proceedings of the Ninth ACM SIGKDD International Conference on Knowledge Discovery and Data Mining},
    pages = {601–606},
    numpages = {6},
    keywords = {Web mining, Web information integration, Web data records},
    location = {Washington, D.C.},
    series = {KDD ’03}
}
  
% original paper technical report
% citation made manually
@inproceedings{
    mdr-technical,
    author = {Liu, Bing and Grossman, Robert and Zhai, Yanhong},
    title = {"{Mining Data Records in Web Pages" UIC Technical Report}},
    year = {2003},
    url = {https://www.cs.uic.edu/~liub/publications/KDD-03-techReport.pdf},
}
  